<?xml version="1.0" encoding="UTF-8"?><collection xmlns="http://www.loc.gov/MARC21/slim"><record><leader>00271nam--2200097-i-4500</leader><controlfield tag="001">000041366</controlfield><controlfield tag="002">20161230</controlfield><controlfield tag="005">20161230201043</controlfield><controlfield tag="008">060222s1000------------r-----000-0-eng-d</controlfield><datafield ind1=" " ind2=" " tag="245"><subfield code="a">Seismographs with galvanometric registration ... seismographen fur galvanometrische</subfield></datafield><datafield ind1=" " ind2=" " tag="852"><subfield code="a">48091</subfield></datafield></record></collection>